@inproceedings{Berant2013SemanticPO,
  title={Semantic Parsing on Freebase from Question-Answer Pairs},
  author={Jonathan Berant and Andrew Chou and Roy Frostig and Percy Liang},
  booktitle={EMNLP},
  year={2013}
}

@article{Chen2016ATE,
  title={A Thorough Examination of the CNN/Daily Mail Reading Comprehension Task},
  author={Danqi Chen and Jason Bolton and Christopher D. Manning},
  journal={CoRR},
  year={2016},
  volume={abs/1606.02858}
}

@inproceedings{Choi2018QuACQA,
  title={QuAC: Question Answering in Context},
  author={Eunsol Choi and He He and Mohit Iyyer and Mark Yatskar and Wen-tau Yih and Yejin Choi and Percy Liang and Luke S. Zettlemoyer},
  booktitle={EMNLP},
  year={2018}
}

@article{Devlin2018BERTPO,
  title={BERT: Pre-training of Deep Bidirectional Transformers for Language Understanding},
  author={Jacob Devlin and Ming-Wei Chang and Kenton Lee and Kristina Toutanova},
  journal={CoRR},
  year={2018},
  volume={abs/1810.04805}
}

@inproceedings{Joshi2017TriviaQAAL,
  title={TriviaQA: A Large Scale Distantly Supervised Challenge Dataset for Reading Comprehension},
  author={Mandar S. Joshi and Eunsol Choi and Daniel S. Weld and Luke S. Zettlemoyer},
  booktitle={ACL},
  year={2017}
}

@inproceedings{Khashabi2018LookingBT,
  title={Looking Beyond the Surface: A Challenge Set for Reading Comprehension over Multiple Sentences},
  author={Daniel Khashabi and Snigdha Chaturvedi and Michael Roth and Shyam Upadhyay and Dan Roth},
  booktitle={NAACL-HLT},
  year={2018}
}

@article{Kocisk2018TheNR,
  title={The NarrativeQA Reading Comprehension Challenge},
  author={Tom{\'a}s Kocisk{\'y} and Jonathan Schwarz and Phil Blunsom and Chris Dyer and Karl Moritz Hermann and G{\'a}bor Melis and Edward Grefenstette},
  journal={TACL},
  year={2018},
  volume={6},
  pages={317-328}
}

@article{KoncelKedziorski2015ParsingAW,
  title={Parsing Algebraic Word Problems into Equations},
  author={Rik Koncel-Kedziorski and Hannaneh Hajishirzi and Ashish Sabharwal and Oren Etzioni and Siena Dumas Ang},
  journal={TACL},
  year={2015},
  volume={3},
  pages={585-597}
}

@inproceedings{Liang2017NeuralSM,
  title={Neural Symbolic Machines: Learning Semantic Parsers on Freebase with Weak Supervision},
  author={Chen Liang and Jonathan Berant and Quoc Le and Kenneth D. Forbus and Ni Lao},
  booktitle={ACL},
  year={2017}
}

@inproceedings{Ling2017ProgramIB,
  title={Program Induction by Rationale Generation: Learning to Solve and Explain Algebraic Word Problems},
  author={Wang Ling and Dani Yogatama and Chris Dyer and Phil Blunsom},
  booktitle={ACL},
  year={2017}
}

@inproceedings{Mihaylov2018CanAS,
  title={Can a Suit of Armor Conduct Electricity? A New Dataset for Open Book Question Answering},
  author={Todor Mihaylov and Peter Clark and Tushar Khot and Ashish Sabharwal},
  booktitle={EMNLP},
  year={2018}
}

@inproceedings{Minervini2018AdversariallyRN,
  title={Adversarially Regularising Neural NLI Models to Integrate Logical Background Knowledge},
  author={Pasquale Minervini and Sebastian Riedel},
  booktitle={CoNLL},
  year={2018}
}

@article{Neelakantan2015NeuralPI,
  title={Neural Programmer: Inducing Latent Programs with Gradient Descent},
  author={Arvind Neelakantan and Quoc V. Le and Ilya Sutskever},
  journal={CoRR},
  year={2015},
  volume={abs/1511.04834}
}

@article{Paperno2016TheLD,
  title={The LAMBADA dataset: Word prediction requiring a broad discourse context},
  author={Denis Paperno and Germ{\'a}n Kruszewski and Angeliki Lazaridou and Quan Ngoc Pham and Raffaella Bernardi and Sandro Pezzelle and Marco Baroni and Gemma Boleda and Raquel Fern{\'a}ndez},
  journal={CoRR},
  year={2016},
  volume={abs/1606.06031}
}

@inproceedings{Pasupat2015CompositionalSP,
  title={Compositional Semantic Parsing on Semi-Structured Tables},
  author={Panupong Pasupat and Percy Liang},
  booktitle={ACL},
  year={2015}
}

@inproceedings{Rajpurkar2016SQuAD10,
  title={SQuAD: 100, 000+ Questions for Machine Comprehension of Text},
  author={Pranav Rajpurkar and Jian Zhang and Konstantin Lopyrev and Percy Liang},
  booktitle={EMNLP},
  year={2016}
}

@inproceedings{Rajpurkar2018KnowWY,
  title={Know What You Don't Know: Unanswerable Questions for SQuAD},
  author={Pranav Rajpurkar and Robin Jia and Percy Liang},
  booktitle={ACL},
  year={2018}
}

@article{Reddy2018CoQAAC,
  title={CoQA: A Conversational Question Answering Challenge},
  author={Siva Reddy and Danqi Chen and Christopher D. Manning},
  journal={CoRR},
  year={2018},
  volume={abs/1808.07042}
}

@article{Reed2015NeuralP,
  title={Neural Programmer-Interpreters},
  author={Scott E. Reed and Nando de Freitas},
  journal={CoRR},
  year={2015},
  volume={abs/1511.06279}
}

@inproceedings{Saha2018DuoRCTC,
  title={DuoRC: Towards Complex Language Understanding with Paraphrased Reading Comprehension},
  author={Amrita Saha and Rahul Aralikatte and Mitesh M. Khapra and Karthik Sankaranarayanan},
  booktitle={ACL},
  year={2018}
}

@article{Seo2016BidirectionalAF,
  title={Bidirectional Attention Flow for Machine Comprehension},
  author={Min Joon Seo and Aniruddha Kembhavi and Ali Farhadi and Hannaneh Hajishirzi},
  journal={CoRR},
  year={2016},
  volume={abs/1611.01603}
}

@article{Welbl2018ConstructingDF,
  title={Constructing Datasets for Multi-hop Reading Comprehension Across Documents},
  author={Johannes Welbl and Pontus Stenetorp and Sebastian Riedel},
  journal={TACL},
  year={2018},
  volume={6},
  pages={287-302}
}

@inproceedings{Yang2018HotpotQAAD,
  title={HotpotQA: A Dataset for Diverse, Explainable Multi-hop Question Answering},
  author={Zhilin Yang and Peng Qi and Saizheng Zhang and Yoshua Bengio and William W. Cohen and Ruslan Salakhutdinov and Christopher D. Manning},
  booktitle={EMNLP},
  year={2018}
}

@inproceedings{Zelle1996LearningTP,
  title={Learning to Parse Database Queries Using Inductive Logic Programming},
  author={John M. Zelle and Raymond J. Mooney},
  booktitle={AAAI/IAAI, Vol. 2},
  year={1996}
}

@inproceedings{Zellers2018SWAGAL,
  title={SWAG: A Large-Scale Adversarial Dataset for Grounded Commonsense Inference},
  author={Rowan Zellers and Yonatan Bisk and Roy Schwartz and Yejin Choi},
  booktitle={EMNLP},
  year={2018}
}

@article{Zellers2018VCR,
  title={From Recognition to Cognition: Visual Commonsense Reasoning},
  author={Rowan Zellers and Yonatan Bisk and Ali Farhadi and Yejin Choi},
  journal={CoRR},
  year={2018},
  volume={abs/1811.10830}
}

@inproceedings{Zettlemoyer2005LearningTM,
  title={Learning to Map Sentences to Logical Form: Structured Classification with Probabilistic Categorial Grammars},
  author={Luke S. Zettlemoyer and Michael Collins},
  booktitle={UAI},
  year={2005}
}

@article{Zhang2018ReCoRDBT,
  title={ReCoRD: Bridging the Gap between Human and Machine Commonsense Reading Comprehension},
  author={Sheng Zhang and Xiaodong Liu and Jingjing Liu and Jianfeng Gao and Kevin Duh and Benjamin Van Durme},
  journal={CoRR},
  year={2018},
  volume={abs/1810.12885}
}

@inproceedings{Gururangan:2018,
  author={Gururangan, Suchin and Swayamdipta, Swabha and Levy, Omer and Schwartz, Roy and Bowman, Samuel and Smith, Noah A.},
  title={Annotation Artifacts in Natural Language Inference Data},
  booktitle={Proc. of NAACL},
  year={2018}
}

@inproceedings{Kaushik2018HowMR,
  title={How Much Reading Does Reading Comprehension Require? A Critical Investigation of Popular Benchmarks},
  author={Divyansh Kaushik and Zachary Chase Lipton},
  booktitle={EMNLP},
  year={2018}
}


@inproceedings{Berant2014ModelingBP,
  title={Modeling Biological Processes for Reading Comprehension},
  author={Jonathan Berant and Vivek Srikumar and Pei-Chun Chen and Abby Vander Linden and Brittany Harding and Brad Huang and Peter Clark and Christopher D. Manning},
  booktitle={EMNLP},
  year={2014}
}

@inproceedings{Krishnamurthy2017NeuralSP,
  title={Neural Semantic Parsing with Type Constraints for Semi-Structured Tables},
  author={Jayant Krishnamurthy and Pradeep Dasigi and Matt Gardner},
  booktitle={EMNLP},
  year={2017}
}

@inproceedings{berant2013semantic,
  title={Semantic parsing on freebase from question-answer pairs},
  author={Berant, Jonathan and Chou, Andrew and Frostig, Roy and Liang, Percy},
  booktitle={Proceedings of the 2013 Conference on Empirical Methods in Natural Language Processing},
  pages={1533--1544},
  year={2013}
}

@inproceedings{Bowman2015ALA,
  title={A large annotated corpus for learning natural language inference},
  author={Samuel R. Bowman and Gabor Angeli and Christopher Potts and Christopher D. Manning},
  booktitle={EMNLP},
  year={2015}
}

@inproceedings{Yin2017ASN,
  title={A Syntactic Neural Model for General-Purpose Code Generation},
  author={Pengcheng Yin and Graham Neubig},
  booktitle={ACL'17},
  year={2017}
}

@inproceedings{chen2011learning,
  title={Learning to interpret natural language navigation instructions from observations.},
  author={Chen, David L and Mooney, Raymond J},
  booktitle={AAAI},
  volume={2},
  pages={1--2},
  year={2011}
}

@inproceedings{Marneffe2008TheST,
  title={The Stanford Typed Dependencies Representation},
  author={Marie-Catherine de Marneffe and Christopher D. Manning},
  booktitle={CFCFPE@COLING},
  year={2008}
}

@inproceedings{Banko2007OpenIE,
  title={Open Information Extraction from the Web},
  author={Michele Banko and Michael J. Cafarella and Stephen Soderland and Matthew G Broadhead and Oren Etzioni},
  booktitle={IJCAI},
  year={2007}
}

@inproceedings{SRL,
  title={Introduction to the CoNLL-2005 shared task: Semantic role labeling},
  author={Carreras, Xavier and M{\`a}rquez, Llu{\'\i}s},
  booktitle={Proceedings of CONLL},
  pages={152--164},
  year={2005},
}

@article{yu2018qanet,
  author    = {Adams Wei Yu and
               David Dohan and
               Minh{-}Thang Luong and
               Rui Zhao and
               Kai Chen and
               Mohammad Norouzi and
               Quoc V. Le},
  title     = {QANet: Combining Local Convolution with Global Self-Attention for Reading Comprehension},
  journal   = {CoRR},
  volume    = {abs/1804.09541},
  year      = {2018}
}

@inproceedings{peters2018elmo,
  author    = {Matthew E. Peters and
               Mark Neumann and
               Mohit Iyyer and
               Matt Gardner and
               Christopher Clark and
               Kenton Lee and
               Luke Zettlemoyer},
  title     = {Deep Contextualized Word Representations},
  booktitle = {NAACL-HLT},
  year      = {2018}
}

@inproceedings{garder2018simplerc,
  author    = {Matt Gardner and
               Christopher Clark},
  title     = {Simple and Effective Multi-Paragraph Reading Comprehension},
  booktitle = {ACL},
  year      = {2018}
}

@inproceedings{Glockner2018BreakingNS,
  title={Breaking NLI Systems with Sentences that Require Simple Lexical Inferences},
  author={Max Glockner and Vered Shwartz and Yoav Goldberg},
  booktitle={ACL},
  year={2018}
}

@ARTICLE{spacy2,
   AUTHOR  = {Honnibal, Matthew AND Montani, Ines},
   TITLE   = {spaCy 2: Natural language understanding with Bloom embeddings, convolutional neural networks and incremental parsing},
   YEAR    = {2017},
   JOURNAL = {To appear}
}

@inproceedings{Gardner2017AllenNLP,
  title={AllenNLP: A Deep Semantic Natural Language Processing Platform},
  author={Matt Gardner and Joel Grus and Mark Neumann and Oyvind Tafjord
    and Pradeep Dasigi and Nelson F. Liu and Matthew Peters and
    Michael Schmitz and Luke S. Zettlemoyer},
  year={2017},
  Eprint = {arXiv:1803.07640},
}

@inproceedings{Lee2017EndtoendNC,
  title={End-to-end Neural Coreference Resolution},
  author={Kenton Lee and Luheng He and Mike Lewis and Luke S. Zettlemoyer},
  booktitle={EMNLP},
  year={2017}
}

@inproceedings{Dozat2017StanfordsGN,
  title={Stanford's Graph-based Neural Dependency Parser at the CoNLL 2017 Shared Task},
  author={Timothy Dozat and Peng Qi and Christopher D. Manning},
  booktitle={CoNLL Shared Task},
  year={2017}
}

@inproceedings{Stanovsky2018SupervisedOI,
  title={Supervised Open Information Extraction},
  author={Gabriel Stanovsky and Julian Michael and Luke S. Zettlemoyer and Ido Dagan},
  booktitle={NAACL-HLT},
  year={2018}
}

@inproceedings{He2017DeepSR,
  title={Deep Semantic Role Labeling: What Works and What's Next},
  author={Luheng He and Kenton Lee and Mike Lewis and Luke S. Zettlemoyer},
  booktitle={ACL},
  year={2017}
}